<record><leader>00000cas a2200000 a 4500</leader><controlfield tag="001">11167210</controlfield><controlfield tag="008">840918d18861886ksudr ne      0   a0eng d</controlfield><datafield ind1=" " ind2=" " tag="010"><subfield code="a">sn 84029785 </subfield></datafield><datafield ind1=" " ind2=" " tag="040"><subfield code="a">KSH</subfield><subfield code="b">eng</subfield><subfield code="c">KSH</subfield><subfield code="d">NPT</subfield><subfield code="d">OCL</subfield><subfield code="d">UBY</subfield><subfield code="d">OCLCQ</subfield><subfield code="d">OCLCF</subfield><subfield code="d">OCLCO</subfield><subfield code="d">OCLCA</subfield></datafield><datafield ind1=" " ind2=" " tag="042"><subfield code="a">msc</subfield></datafield><datafield ind1=" " ind2=" " tag="043"><subfield code="a">n-us-ks</subfield></datafield><datafield ind1="0" ind2="4" tag="245"><subfield code="a">The Daily irrigator.</subfield></datafield><datafield ind1=" " ind2=" " tag="260"><subfield code="a">Garden City, Kan. :</subfield><subfield code="b">Layne &amp; Naugle</subfield></datafield><datafield ind1=" " ind2=" " tag="300"><subfield code="a">v. ;</subfield><subfield code="c">65 cm.</subfield></datafield><datafield ind1=" " ind2=" " tag="310"><subfield code="a">Daily (except Sunday)</subfield></datafield><datafield ind1="1" ind2=" " tag="362"><subfield code="a">Began with Sept. 6, 1886 issue; ceased with Nov. 6, 1886 issue?</subfield></datafield><datafield ind1=" " ind2=" " tag="500"><subfield code="a">Democratic.</subfield></datafield><datafield ind1=" " ind2=" " tag="500"><subfield code="a">Issued during the presidential campaign of 1886.</subfield></datafield><datafield ind1=" " ind2=" " tag="580"><subfield code="a">Issued also in weekly edition called: Garden City irrigator, Sept.-Nov. 1886.</subfield></datafield><datafield ind1=" " ind2=" " tag="588"><subfield code="a">Description based on: Vol. 1, no. 2 (Sept. 7, 1886).</subfield></datafield><datafield ind1=" " ind2="0" tag="651"><subfield code="a">Garden City (Kan.)</subfield><subfield code="v">Newspapers.</subfield></datafield><datafield ind1=" " ind2="7" tag="655"><subfield code="a">Newspapers.</subfield><subfield code="2">fast</subfield><subfield code="0">(OCoLC)fst01423814</subfield></datafield><datafield ind1=" " ind2="7" tag="651"><subfield code="a">Kansas</subfield><subfield code="z">Garden City.</subfield><subfield code="2">fast</subfield><subfield code="0">(OCoLC)fst01219138</subfield></datafield><datafield ind1=" " ind2=" " tag="752"><subfield code="a">United States</subfield><subfield code="b">Kansas</subfield><subfield code="c">Finney</subfield><subfield code="d">Garden City.</subfield></datafield><datafield ind1="1" ind2=" " tag="775"><subfield code="t">Garden City irrigator</subfield><subfield code="g">Sept.-Nov. 1886</subfield><subfield code="w">(DLC)sn 84029783</subfield></datafield></record>